  @Manual{
    title = {Tidymodels: a collection of packages for modeling and
      machine learning using tidyverse principles.},
    author = {Max Kuhn and Hadley Wickham},
    url = {https://www.tidymodels.org},
    year = {2020},
  }